@article{lessard2016analysis,
  title={Analysis and design of optimization algorithms via integral quadratic constraints},
  author={Lessard, Laurent and Recht, Benjamin and Packard, Andrew},
  journal={SIAM Journal on Optimization},
  volume={26},
  number={1},
  pages={57--95},
  year={2016},
  publisher={SIAM}
}
